<?xml version="1.0" encoding="UTF-8"?>
<record xmlns="http://www.loc.gov/MARC21/slim">
   <leader>02388cam a2200409 a 4500</leader>
   <controlfield tag="001">501414</controlfield>
   <controlfield tag="003">NjP</controlfield>
   <controlfield tag="005">20190705140857.0</controlfield>
   <controlfield tag="008">890323m19809999ir            000 0 ara d</controlfield>
   <datafield tag="024" ind1="7" ind2=" ">
      <subfield code="a">princeton_aco004531</subfield>
      <subfield code="2">local</subfield>
   </datafield>
   <datafield ind1=" " ind2=" " tag="040">
      <subfield code="a">PUL</subfield>
      <subfield code="c">PUL</subfield>
      <subfield code="d">PUL</subfield>
   </datafield>
   <datafield ind1=" " ind2=" " tag="035">
      <subfield code="a">(CStRLIN)NJPG89-B14640</subfield>
   </datafield>
   <datafield ind1=" " ind2=" " tag="035">
      <subfield code="9">ACH7191TS</subfield>
   </datafield>
   <datafield ind1=" " ind2=" " tag="035">
      <subfield code="a">(NjP)501414</subfield>
   </datafield>
   <datafield ind1=" " ind2=" " tag="049">
      <subfield code="a">PULL</subfield>
   </datafield>
   <datafield ind1=" " ind2=" " tag="019">
      <subfield code="a">82696428</subfield>
   </datafield>
   <datafield ind1=" " ind2=" " tag="035">
      <subfield code="a">(OCoLC)ocm26629627</subfield>
      <subfield code="z">(OCoLC)ocm82696428</subfield>
   </datafield>
   <datafield ind1="1" ind2=" " tag="100">
      <subfield code="6">880-01</subfield>
      <subfield code="a">Muḥaqqiq al-Ṭihrānī, Muḥammad Riḍā.</subfield>
   </datafield>
   <datafield ind1="1" ind2="0" tag="240">
      <subfield code="6">880-02</subfield>
      <subfield code="a">Ṭahārah min khulāṣat al-ḥaqāʼiq fī sharḥ Sharāʼiʻ al-Islām</subfield>
   </datafield>
   <datafield ind1="1" ind2="3" tag="245">
      <subfield code="6">880-03</subfield>
      <subfield code="a">al-Mujallad al-awwal min Kitāb al-ṭahārah min khulāṣat al-ḥaqāʼiq fī sharḥ Sharāʼiʻ al-Islām /</subfield>
      <subfield code="c">taṣnīf Muḥammad Riḍā al-mushtahir bi-al-Muḥaqqiq al-Ṭihrānī.</subfield>
   </datafield>
   <datafield ind1=" " ind2=" " tag="260">
      <subfield code="6">880-04</subfield>
      <subfield code="a">Qum :</subfield>
      <subfield code="b">al-Maṭbaʻah al-ʻIlmīyah,</subfield>
      <subfield code="c">[198-]-</subfield>
   </datafield>
   <datafield ind1=" " ind2=" " tag="300">
      <subfield code="a">v. ;</subfield>
      <subfield code="c">24 cm.</subfield>
   </datafield>
   <datafield ind1="1" ind2="0" tag="600">
      <subfield code="6">880-05</subfield>
      <subfield code="a">Muḥaqqiq al-Ḥillī, Jaʻfar ibn al-Ḥasan,</subfield>
      <subfield code="d">1205 or 1206-1277.</subfield>
      <subfield code="t">Sharāʼiʻ al-Islām.</subfield>
      <subfield code="0">http://id.loc.gov/authorities/names/n96066652</subfield>
   </datafield>
   <datafield ind1=" " ind2="0" tag="650">
      <subfield code="a">Purity, Ritual</subfield>
      <subfield code="x">Islam.</subfield>
      <subfield code="0">http://id.loc.gov/authorities/subjects/sh85109199</subfield>
   </datafield>
   <datafield ind1="0" ind2=" " tag="740">
      <subfield code="6">880-06</subfield>
      <subfield code="a">Ṭahārah min khulāṣat al-ḥaqāʼiq fī sharḥ Sharāʼiʻ al-Islām.</subfield>
   </datafield>
   <datafield ind1="0" ind2=" " tag="740">
      <subfield code="6">880-07</subfield>
      <subfield code="a">Kitāb al-ṭahārah min khulāṣat al-ḥaqāʼiq fī sharḥ Sharāʼiʻ al-Islām.</subfield>
   </datafield>
   <datafield ind1="1" ind2=" " tag="880">
      <subfield code="6">100-01/r</subfield>
      <subfield code="a">محقق الطهراني، محمد رضا.</subfield>
   </datafield>
   <datafield ind1="1" ind2="0" tag="880">
      <subfield code="6">240-02/r</subfield>
      <subfield code="a">طهارة من خلاصة الحقائق في شرح شرائع الاسلام</subfield>
   </datafield>
   <datafield ind1="1" ind2="2" tag="880">
      <subfield code="6">245-03/r</subfield>
      <subfield code="a">المجلد الاول من كتاب الطهارة من خلاصة الحقائق في شرح شرائع الاسلام /</subfield>
      <subfield code="c">تصنيف محمد رضا المشتهر بالمحقق الطهراني.</subfield>
   </datafield>
   <datafield ind1=" " ind2=" " tag="880">
      <subfield code="6">260-04/r</subfield>
      <subfield code="a">قم :</subfield>
      <subfield code="b">المطبعة العلمية،</subfield>
      <subfield code="c">[198-]</subfield>
   </datafield>
   <datafield ind1="1" ind2="4" tag="880">
      <subfield code="6">600-05/r</subfield>
      <subfield code="a">محقق الحلي، جعفر بن الحسن،</subfield>
      <subfield code="d">1205 or 1206-1277.</subfield>
      <subfield code="t">شرائع الاسلام.</subfield>
   </datafield>
   <datafield ind1="0" ind2=" " tag="880">
      <subfield code="6">740-06/r</subfield>
      <subfield code="a">طهارة من خلاصة الحقائق في شرح شرائع الاسلام.</subfield>
   </datafield>
   <datafield ind1="0" ind2=" " tag="880">
      <subfield code="6">740-07/r</subfield>
      <subfield code="a">كتاب الطهارة من خلاصة الحقائق في شرح شرائع الاسلام.</subfield>
   </datafield>
   <datafield ind1=" " ind2=" " tag="998">
      <subfield code="a">09/09/92</subfield>
      <subfield code="s">9118</subfield>
      <subfield code="n">NjP</subfield>
      <subfield code="w">NJPG89B14640</subfield>
      <subfield code="d">03/23/89</subfield>
      <subfield code="c">JEB</subfield>
      <subfield code="b">JEB</subfield>
      <subfield code="i">920909</subfield>
      <subfield code="l">NJPG</subfield>
   </datafield>
   <datafield ind1=" " ind2=" " tag="911">
      <subfield code="a">19921028</subfield>
   </datafield>
   <datafield ind1=" " ind2=" " tag="912">
      <subfield code="a">19990707041724.0</subfield>
   </datafield>
   <datafield ind1=" " ind2=" " tag="994">
      <subfield code="a">C0</subfield>
      <subfield code="b">PUL</subfield>
   </datafield>
   <datafield ind1=" " ind2=" " tag="999">
      <subfield code="a">501414</subfield>
   </datafield>
   <datafield ind1=" " ind2=" " tag="979">
      <subfield code="a">(OCoLC)ocn175742909</subfield>
   </datafield>
   <datafield ind1="8" ind2="1" tag="852">
      <subfield code="0">545447</subfield>
      <subfield code="b">rcppa</subfield>
      <subfield code="t">1</subfield>
      <subfield code="h">2271.3553.827.2</subfield>
      <subfield code="x">tr fr f</subfield>
   </datafield>
   <datafield ind1=" " ind2="0" tag="866">
      <subfield code="0">545447</subfield>
      <subfield code="8">0</subfield>
      <subfield code="a">mujallad 1</subfield>
   </datafield>
   <datafield ind1=" " ind2=" " tag="959">
      <subfield code="a">2000-06-13 00:00:00 -0500</subfield>
   </datafield>
</record>
